<record><leader>00000cas a2200000 a 4500</leader><controlfield tag="001">32198870</controlfield><controlfield tag="007">hd afu---buuu</controlfield><controlfield tag="008">950324d18521867ncuwn nea     0    0eng c</controlfield><datafield ind1=" " ind2=" " tag="010"><subfield code="a">sn 95043023 </subfield></datafield><datafield ind1=" " ind2=" " tag="040"><subfield code="a">WAU</subfield><subfield code="b">eng</subfield><subfield code="c">WAU</subfield><subfield code="d">OCL</subfield><subfield code="d">OCLCQ</subfield><subfield code="d">OCLCF</subfield><subfield code="d">OCLCO</subfield><subfield code="d">OCLCQ</subfield></datafield><datafield ind1=" " ind2=" " tag="042"><subfield code="a">pcc</subfield></datafield><datafield ind1=" " ind2=" " tag="043"><subfield code="a">n-us-nc</subfield></datafield><datafield ind1="0" ind2=" " tag="130"><subfield code="a">Southerner (Tarboro, N.C.)</subfield></datafield><datafield ind1="1" ind2="4" tag="245"><subfield code="a">The southerner.</subfield></datafield><datafield ind1="1" ind2="3" tag="246"><subfield code="a">Weekly southerner</subfield><subfield code="f">&lt;Dec. 6, 1866&gt;-Aug. 29, 1867</subfield></datafield><datafield ind1="1" ind2="7" tag="246"><subfield code="a">(Tarboro', N.C.) southerner</subfield><subfield code="f">Sept. 1, 1860-&lt;Aug. 27, 1864&gt;</subfield></datafield><datafield ind1="1" ind2="7" tag="246"><subfield code="a">Tarboro southerner</subfield><subfield code="f">&lt;Jan. 6, 1866&gt;-&lt;Nov. 6, 1866&gt;</subfield></datafield><datafield ind1=" " ind2=" " tag="260"><subfield code="a">Tarboro', Edgecombe Co., (N.C.) :</subfield><subfield code="b">Geo. Howard, Jr.,</subfield><subfield code="c">1852-1867.</subfield></datafield><datafield ind1=" " ind2=" " tag="300"><subfield code="a">volumes</subfield></datafield><datafield ind1=" " ind2=" " tag="310"><subfield code="a">Weekly (except at Christmas)</subfield></datafield><datafield ind1=" " ind2=" " tag="336"><subfield code="a">text</subfield><subfield code="b">txt</subfield><subfield code="2">rdacontent</subfield></datafield><datafield ind1=" " ind2=" " tag="337"><subfield code="a">microform</subfield><subfield code="b">h</subfield><subfield code="2">rdamedia</subfield></datafield><datafield ind1=" " ind2=" " tag="338"><subfield code="a">microfilm reel</subfield><subfield code="b">hd</subfield><subfield code="2">rdacarrier</subfield></datafield><datafield ind1="0" ind2=" " tag="362"><subfield code="a">Vol. 1, no. 1 (Jan. 3, 1852)-v. 43, no. 39 (Aug. 29, 1867).</subfield></datafield><datafield ind1=" " ind2=" " tag="515"><subfield code="a">Suspended for a few weeks in the summer of 1863.</subfield></datafield><datafield ind1=" " ind2=" " tag="515"><subfield code="a">Suspended for a few weeks at the beginning of 1864.</subfield></datafield><datafield ind1=" " ind2=" " tag="515"><subfield code="a">Numbering is erratic. Begins again with vol. 1 after each suspension.</subfield></datafield><datafield ind1=" " ind2=" " tag="533"><subfield code="a">Microfilm.</subfield><subfield code="b">Raleigh, N.C. :</subfield><subfield code="c">N.C. Dept. of Archives and History, Division of Archives and Manuscripts.</subfield><subfield code="e">microfilm reels ; 35 mm.</subfield></datafield><datafield ind1=" " ind2="0" tag="651"><subfield code="a">Tarboro (N.C.)</subfield><subfield code="v">Newspapers.</subfield></datafield><datafield ind1=" " ind2="7" tag="651"><subfield code="a">North Carolina</subfield><subfield code="z">Tarboro.</subfield><subfield code="2">fast</subfield><subfield code="0">(OCoLC)fst01215113</subfield></datafield><datafield ind1=" " ind2="7" tag="655"><subfield code="a">Newspapers.</subfield><subfield code="2">fast</subfield><subfield code="0">(OCoLC)fst01423814</subfield></datafield><datafield ind1="1" ind2=" " tag="710"><subfield code="a">North Carolina.</subfield><subfield code="b">State Department of Archives and History.</subfield></datafield><datafield ind1=" " ind2=" " tag="752"><subfield code="a">United States</subfield><subfield code="b">North Carolina</subfield><subfield code="c">Edgecombe</subfield><subfield code="d">Tarboro.</subfield></datafield><datafield ind1="0" ind2="0" tag="780"><subfield code="t">Tarboro' press</subfield><subfield code="w">(DLC)sn 95043022</subfield><subfield code="w">(OCoLC)15746759</subfield></datafield><datafield ind1="0" ind2="0" tag="785"><subfield code="t">Tarboro' southerner (Tarboro, N.C. : 1867)</subfield></datafield><datafield ind1="1" ind2=" " tag="029"><subfield code="a">AU@</subfield><subfield code="b">000020232396</subfield></datafield></record>